
@incollection{micali_secure_1992,
	address = {Berlin, Heidelberg},
	title = {Secure {Computation}},
	volume = {576},
	isbn = {978-3-540-55188-1},
	url = {http://link.springer.com/10.1007/3-540-46766-1_32},
	language = {en},
	urldate = {2018-06-02},
	booktitle = {Advances in {Cryptology} — {CRYPTO} ’91},
	publisher = {Springer Berlin Heidelberg},
	author = {Micali, Silvio and Rogaway, Phillip},
	editor = {Feigenbaum, Joan},
	year = {1992},
	doi = {10.1007/3-540-46766-1_32},
	keywords = {intro},
	pages = {392--404},
	annote = {This paper provides definition of secure computations
and give known problem of secure computations.},
	file = {Micali and Rogaway - 1992 - Secure Computation.pdf:/home/hboulahy/Zotero/storage/RS8ZRAED/Micali and Rogaway - 1992 - Secure Computation.pdf:application/pdf}
}

@inproceedings{canetti_universally_2002,
	title = {Universally composable two-party and multi-party secure computation},
	isbn = {978-1-58113-495-7},
	url = {http://portal.acm.org/citation.cfm?doid=509907.509980},
	doi = {10.1145/509907.509980},
	language = {en},
	urldate = {2018-06-02},
	publisher = {ACM Press},
	author = {Canetti, Ran and Lindell, Yehuda and Ostrovsky, Rafail and Sahai, Amit},
	year = {2002},
	keywords = {conclusion},
	pages = {494},
	annote = {This paper is a how to compute with corrupted participants (a secure compute).
 }
}

@inproceedings{kilian_founding_1988,
	title = {Founding crytpography on oblivious transfer},
	isbn = {978-0-89791-264-8},
	url = {http://portal.acm.org/citation.cfm?doid=62212.62215},
	doi = {10.1145/62212.62215},
	language = {en},
	urldate = {2018-06-02},
	publisher = {ACM Press},
	author = {Kilian, Joe},
	year = {1988},
	pages = {20--31},
	annote = {Extension of OT},
	file = {Kilian - 1988 - Founding crytpography on oblivious transfer.pdf:/home/hboulahy/Zotero/storage/SCRESMB2/Kilian - 1988 - Founding crytpography on oblivious transfer.pdf:application/pdf}
}

@article{shundong_symmetric_2008,
	title = {Symmetric cryptographic solution to {Yao}’s millionaires’ problem and an evaluation of secure multiparty computations},
	volume = {178},
	issn = {00200255},
	url = {http://linkinghub.elsevier.com/retrieve/pii/S0020025507003611},
	doi = {10.1016/j.ins.2007.07.015},
	language = {en},
	number = {1},
	urldate = {2018-06-02},
	journal = {Information Sciences},
	author = {Shundong, Li and Daoshun, Wang and Yiqi, Dai and Ping, Luo},
	month = jan,
	year = {2008},
	pages = {244--255},
	file = {Shundong et al. - 2008 - Symmetric cryptographic solution to Yao’s milliona.pdf:/home/hboulahy/Zotero/storage/JZM99DFA/Shundong et al. - 2008 - Symmetric cryptographic solution to Yao’s milliona.pdf:application/pdf}
}

@incollection{hutchison_efficient_2005,
	address = {Berlin, Heidelberg},
	title = {An {Efficient} {Solution} to the {Millionaires}’ {Problem} {Based} on {Homomorphic} {Encryption}},
	volume = {3531},
	isbn = {978-3-540-26223-7 978-3-540-31542-1},
	url = {http://link.springer.com/10.1007/11496137_31},
	urldate = {2018-06-02},
	booktitle = {Applied {Cryptography} and {Network} {Security}},
	publisher = {Springer Berlin Heidelberg},
	author = {Lin, Hsiao-Ying and Tzeng, Wen-Guey},
	year = {2005},
	doi = {10.1007/11496137_31},
	pages = {456--466},
	file = {Lin and Tzeng - 2005 - An Efficient Solution to the Millionaires’ Problem.pdf:/home/hboulahy/Zotero/storage/J5RH4587/Lin and Tzeng - 2005 - An Efficient Solution to the Millionaires’ Problem.pdf:application/pdf}
}

@inproceedings{ioannidis_efficient_2003,
	title = {An efficient protocol for {Yao}'s millionaires' problem},
	isbn = {978-0-7695-1874-9},
	url = {http://ieeexplore.ieee.org/document/1174464/},
	doi = {10.1109/HICSS.2003.1174464},
	urldate = {2018-06-02},
	publisher = {IEEE},
	author = {Ioannidis, I. and Grama, A.},
	year = {2003},
	pages = {6 pp.},
	file = {Ioannidis and Grama - 2003 - An efficient protocol for Yao's millionaires' prob.pdf:/home/hboulahy/Zotero/storage/7HLN37CX/Ioannidis and Grama - 2003 - An efficient protocol for Yao's millionaires' prob.pdf:application/pdf}
}

@inproceedings{yao_protocols_1982,
	title = {Protocols for secure computations},
	url = {http://ieeexplore.ieee.org/document/4568388/},
	doi = {10.1109/SFCS.1982.38},
	urldate = {2018-06-02},
	publisher = {IEEE},
	author = {Yao, Andrew C.},
	month = nov,
	year = {1982},
	pages = {160--164},
	file = {Yao - 1982 - Protocols for secure computations.pdf:/home/hboulahy/Zotero/storage/VKTEFIAY/Yao - 1982 - Protocols for secure computations.pdf:application/pdf}
}

@article{sheikh_secure_2011,
	title = {Secure {Multiparty} {Computation}: {From} {Millionaires} {Problem} to {Anonymizer}},
	volume = {20},
	issn = {1939-3555, 1939-3547},
	shorttitle = {Secure {Multiparty} {Computation}},
	url = {http://www.tandfonline.com/doi/abs/10.1080/19393555.2010.544701},
	doi = {10.1080/19393555.2010.544701},
	language = {en},
	number = {1},
	urldate = {2018-06-02},
	journal = {Information Security Journal: A Global Perspective},
	author = {Sheikh, Rashid and Mishra, Durgesh Kumar and Kumar, Beerendra},
	month = feb,
	year = {2011},
	pages = {25--33},
	file = {Sheikh et al. - 2011 - Secure Multiparty Computation From Millionaires P.pdf:/home/hboulahy/Zotero/storage/ULLABXES/Sheikh et al. - 2011 - Secure Multiparty Computation From Millionaires P.pdf:application/pdf}
}

@misc{rabin_how_nodate,
	title = {How to {Exchange} {Secrets}  with {Oblivious} {Transfer}},
	author = {Rabin, Michael O.},
	file = {Rabin - How to Exchange Secrets  with Oblivious Transfer.pdf:/home/hboulahy/Zotero/storage/LYY7YWZG/Rabin - How to Exchange Secrets  with Oblivious Transfer.pdf:application/pdf}
}

@inproceedings{gertner_relationship_2000,
	title = {The relationship between public key encryption and oblivious transfer},
	isbn = {978-0-7695-0850-4},
	url = {http://ieeexplore.ieee.org/document/892121/},
	doi = {10.1109/SFCS.2000.892121},
	urldate = {2018-06-02},
	publisher = {IEEE Comput. Soc},
	author = {Gertner, Y. and Kannan, S. and Malkin, T. and Reingold, O. and Viswanathan, M.},
	year = {2000},
	pages = {325--335},
	file = {Gertner et al. - 2000 - The relationship between public key encryption and.pdf:/home/hboulahy/Zotero/storage/UECWQ42S/Gertner et al. - 2000 - The relationship between public key encryption and.pdf:application/pdf}
}

@incollection{goos_equivalence_1988,
	address = {Berlin, Heidelberg},
	title = {Equivalence {Between} {Two} {Flavours} of {Oblivious} {Transfers}},
	volume = {293},
	isbn = {978-3-540-18796-7 978-3-540-48184-3},
	url = {http://link.springer.com/10.1007/3-540-48184-2_30},
	urldate = {2018-06-04},
	booktitle = {Advances in {Cryptology} — {CRYPTO} ’87},
	publisher = {Springer Berlin Heidelberg},
	author = {Crepeau, Claude},
	year = {1988},
	doi = {10.1007/3-540-48184-2_30},
	pages = {350--354},
	file = {Crépeau - 1988 - Equivalence Between Two Flavours of Oblivious Tran.pdf:/home/hboulahy/Zotero/storage/3Q42QGZ3/Crépeau - 1988 - Equivalence Between Two Flavours of Oblivious Tran.pdf:application/pdf}
}

@incollection{goos_foundations_1998,
	address = {Berlin, Heidelberg},
	title = {On the foundations of oblivious transfer},
	volume = {1403},
	isbn = {978-3-540-64518-4 978-3-540-69795-4},
	url = {http://link.springer.com/10.1007/BFb0054139},
	urldate = {2018-06-04},
	booktitle = {Advances in {Cryptology} — {EUROCRYPT}'98},
	publisher = {Springer Berlin Heidelberg},
	author = {Cachin, Christian},
	year = {1998},
	doi = {10.1007/BFb0054139},
	pages = {361--374},
	file = {Cachin - 1998 - On the foundations of oblivious transfer.pdf:/home/hboulahy/Zotero/storage/VYITG9QH/Cachin - 1998 - On the foundations of oblivious transfer.pdf:application/pdf}
}


@article{raiu_cyber-threat_2012,
	title = {Cyber-threat evolution: the past year},
	volume = {2012},
	issn = {13613723},
	shorttitle = {Cyber-threat evolution},
	url = {http://linkinghub.elsevier.com/retrieve/pii/S1361372312700519},
	doi = {10.1016/S1361-3723(12)70051-9},
	language = {en},
	number = {3},
	urldate = {2018-05-29},
	journal = {Computer Fraud \& Security},
	author = {Raiu, Costin},
	month = mar,
	year = {2012},
	pages = {5--8}
}

@article{saha_applicability_2014,
	title = {Applicability of {DUKPT} {Key} {Management} {Scheme} to {Cloud} {Wallet} and other {Mobile} {Payments}},
	url = {http://arxiv.org/abs/1412.2463},
	abstract = {After discussing the concept of DUKPT based symmetric encryption key management (e.g., for 3DES) and definition of cloud or remote wallet, the paper analyses applicability of DUKPT to different use cases like mobile banking, NFC payment using EMV contactless card and mobile based EMV card emulation, web browser based transaction and cloud or remote wallet. Cloud wallet is an emerging payment method and is gaining momentum very fast. Anticipating that the wallet product managers and security specialists may face these questions from different stakeholders, the authors have addressed applicability of DUKPT to cloud wallet use case quite elaborately. As per knowledge of the authors, this topic has been analysed and discussed for the first time.},
	urldate = {2018-05-29},
	journal = {arXiv:1412.2463 [cs]},
	author = {Saha, Amal and Sanyal, Sugata},
	month = dec,
	year = {2014},
	note = {arXiv: 1412.2463},
	keywords = {Computer Science - Cryptography and Security},
	file = {arXiv\:1412.2463 PDF:/home/hboulahy/Zotero/storage/FKXH5VEE/Saha and Sanyal - 2014 - Applicability of DUKPT Key Management Scheme to Cl.pdf:application/pdf;arXiv.org Snapshot:/home/hboulahy/Zotero/storage/D29BKEUJ/1412.html:text/html}
}




@Article{RSA,
  author = {R. L. Rivest and A. Shamir and L. Adleman},
  title = {\textit{A Method for Obtaining Digital Signatures and Public-Key Cryptosystems}},
  journal = {},
  year = {1978},
  pages = {}
}

@Article{bitcoin,
  author = {Satoshi Nakamoto},
  title = {\textit{Bitcoin: A Peer-to-Peer Electronic Cash System}},
  journal = {},
  year = {2008},
  pages = {}
}

@Article{DiffieHellman,
  author = {Whitfield Diffie and Martin E. Hellman},
  title = {\textit{New Directions in Cryptography}},
  journal = {},
  year = {1976},
  pages = {}
}

@Article{hashcash,
  author = {Adam Back},
  title = {\textit{Hashcash - A Denial of Service Counter-Measure}},
  journal = {},
  year = {2002},
  pages = {}
}

@Misc{fabmedium,
    author = {Fast Access Blockchain White Paper},
    title = {\textit{https://medium.com/@fabcoin/fast-access-blockchain-fab-white-paper-1025016d3595}},
    year = {2017}
}


@Misc{ecdsawiki,
    author = {Bitcoin Wiki},
    title = {\textit{https://en.bitcoin.it/wiki/Elliptic\_Curve\_Digital\_Signature\_Algorithm}},
    year = {2017}
}


@techreport{ansi_x924,
type = {Standard},
key = {ANSI X9.24},
year = {2014},
title = {ANSI X9.24 - PIN Security Requirements},
volume = {2014},
institution = {American National Standard Institute}
}


@article{even_randomized_1985,
	title = {A randomized protocol for signing contracts},
	volume = {28},
	issn = {00010782},
	url = {http://portal.acm.org/citation.cfm?doid=3812.3818},
	doi = {10.1145/3812.3818},
	number = {6},
	urldate = {2018-06-04},
	journal = {Communications of the ACM},
	author = {Even, Shimon and Goldreich, Oded and Lempel, Abraham},
	month = jun,
	year = {1985},
	pages = {637--647},
	file = {Even et al. - 1985 - A randomized protocol for signing contracts.pdf:/home/hboulahy/Zotero/storage/UZPC8LF4/Even et al. - 1985 - A randomized protocol for signing contracts.pdf:application/pdf}
}
