@Article{RSA,
  author = {R. L. Rivest and A. Shamir and L. Adleman},
  title = {\textit{A Method for Obtaining Digital Signatures and Public-Key Cryptosystems}},
  journal = {},
  year = {1978},
  pages = {}
}

@Article{bitcoin,
  author = {Satoshi Nakamoto},
  title = {\textit{Bitcoin: A Peer-to-Peer Electronic Cash System}},
  journal = {},
  year = {2008},
  pages = {}
}

@Article{DiffieHellman,
  author = {Whitfield Diffie and Martin E. Hellman},
  title = {\textit{New Directions in Cryptography}},
  journal = {},
  year = {1976},
  pages = {}
}

@Article{hashcash,
  author = {Adam Back},
  title = {\textit{Hashcash - A Denial of Service Counter-Measure}},
  journal = {},
  year = {2002},
  pages = {}
}

@Misc{bitcoinwiki,
    author = {Bitcoin Wiki},
    title = {\textit{https://en.bitcoin.it/wiki/block}},
    year = {2017}
}
