@phdthesis{bohy_phd,
  author       = {Aaron Bohy},
  title        = {Antichain based algorithms for the synthesis of
                  reactive systems},
  school       = {Université de Mons},
  year         = {2014}
}

@phdthesis{maquet_phd,
  author       = {Nicolas Maquet},
  title        = {New Algorithms and Data Structures for the Emptiness
                  Problem of Alternating Automata},
  school       = {Université Libre de Bruxelles},
  year         = {2011}
}

@misc{aapal,
    author = {Bohy, Aaron},
    title = {AaPAL website \texttt{http://lit2.ulb.ac.be/aapal}},
    year = {2014}
}

@misc{hoedt_src,
    author = {Hoedt, Pieter-Jan},
    title = {Hoedt's GitHub repository
     \texttt{https://github.com/mrTsjolder/WV-Dedekind}},
    year = {Last updated in 2015}
}

@misc{acacia,
    author = {Bohy, Aaron and  Bruyère, Véronique and
    Filiot, Emmanuel and Raskin, Jean-François},
    title = {Acacia+ website \texttt{http://lit2.ulb.ac.be/acaciaplus}},
    year = {}
}

@misc{owl,
    author = {Sickert Salomon},
    title = {Owl website \texttt{https://www7.in.tum.de/~sickert/projects/owl/}},
    year = {2016}
}

@article{hoedt,
    author = {Hoedt, Pieter-Jan},
    title = {Parallelizing with MPI in Java to find the ninth Dedekind Number},
    year = {2015}
}


@incollection{ltl_rea,
	address = {Berlin, Heidelberg},
	title = {An {Antichain} {Algorithm} for {LTL} {Realizability}},
	volume = {5643},
	isbn = {978-3-642-02657-7 978-3-642-02658-4},
	url = {http://link.springer.com/10.1007/978-3-642-02658-4_22},
	urldate = {2018-05-26},
	booktitle = {Computer {Aided} {Verification}},
	publisher = {Springer Berlin Heidelberg},
	author = {Filiot, Emmanuel and Jin, Naiyong and Raskin, Jean-François},
	year = {2009},
	doi = {10.1007/978-3-642-02658-4_22},
	pages = {263--277}
}

@incollection{AC_universality,
	address = {Berlin, Heidelberg},
	title = {Antichains: {A} {New} {Algorithm} for {Checking} {Universality} of {Finite} {Automata}},
	volume = {4144},
	isbn = {978-3-540-37406-0 978-3-540-37411-4},
	shorttitle = {Antichains},
	url = {http://link.springer.com/10.1007/11817963_5},
	urldate = {2018-05-26},
	booktitle = {Computer {Aided} {Verification}},
	publisher = {Springer Berlin Heidelberg},
	author = {De Wulf, M. and Doyen, L. and Henzinger, T. A. and Raskin, J. -F.},
	year = {2006},
	doi = {10.1007/11817963_5},
	pages = {17--30}
}

@article{causemaecker1,
	title = {On the number of antichains of sets in a finite universe},
	url = {http://arxiv.org/abs/1407.4288},
	abstract = {Properties of intervals in the lattice of antichains of subsets of a universe of finite size are investigated. New objects and quantities in this lattice are defined. Expressions and numerical values are deduced for the number of connected antichains and the number of fully distinguishing antichains. The latter establish a connection with Stirling numbers of the second kind. Decomposition properties of intervals in the lattice of antichains are proven. A new operator allowing partitioning the full lattice in intervals derived from lower dimensional sub-lattices is introduced. Special posets underlying an interval of antichains are defined. The poset allows the derivation of a powerful formula for the size of an interval. This formula allows computing intervals in the six dimensional space. Combinatorial coefficients allowing another decomposition of the full lattice are defined. In some specific cases, related to connected components in graphs, these coefficients can be efficiently computed. This formula allows computing the size of the lattice of order 8 efficiently. This size is the number of Dedekind of order 8, the largest one known so far.},
	urldate = {2018-05-26},
	journal = {arXiv:1407.4288 [math]},
	author = {De Causmaecker, Patrick and De Wannemacker, Stefan},
	month = jul,
	year = {2014},
	note = {arXiv: 1407.4288},
	keywords = {Mathematics - Combinatorics},
	annote = {Comment: Minor changes, typo's and better abstract, line numbers removed},
	file = {arXiv\:1407.4288 PDF:/home/hboulahy/Zotero/storage/6DERK64B/De Causmaecker and De Wannemacker - 2014 - On the number of antichains of sets in a finite un.pdf:application/pdf;arXiv.org Snapshot:/home/hboulahy/Zotero/storage/BZ69PQND/1407.html:text/html}
}

@incollection{grumberg_improved_2007,
    address = {Berlin, Heidelberg},
    title = {Improved {Algorithms} for the {Automata}-{Based} {Approach} to {Model}-{Checking}},
    volume = {4424},
    isbn = {978-3-540-71208-4 978-3-540-71209-1},
    url = {http://link.springer.com/10.1007/978-3-540-71209-1_34},
    language = {en},
    urldate = {2018-05-28},
    booktitle = {Tools and {Algorithms} for the {Construction} and {Analysis} of {Systems}},
    publisher = {Springer Berlin Heidelberg},
    author = {Doyen, Laurent and Raskin, Jean-François},
    editor = {Grumberg, Orna and Huth, Michael},
    year = {2007},
    doi = {10.1007/978-3-540-71209-1_34},
    pages = {451--465}
}


@book{baier_principles_2008,
    address = {Cambridge, Mass},
    title = {Principles of model checking},
    isbn = {978-0-262-02649-9},
    publisher = {The MIT Press},
    author = {Baier, Christel and Katoen, Joost-Pieter},
    year = {2008},
    note = {OCLC: ocn171152628},
    keywords = {Computer software, Computer systems, Verification}
}
